@Book{gonzalez+woods,
    author         = "Rafael C.Gonzalez and Richard E.Woods",
    publisher      = "Prentice-Hall",
    title          = "Digital Image Processing",
    isbn           = "0-201-18075-8",
    year           = 2001
}